<?xml version="1.0" encoding="UTF-8"?><record xmlns="http://www.loc.gov/MARC21/slim" xmlns:cinclude="http://apache.org/cocoon/include/1.0" xmlns:zs="http://www.loc.gov/zing/srw/">
  <leader>00407nz  a2200133n  4500</leader>
  <controlfield tag="001">n 2013033393</controlfield>
  <controlfield tag="003">DLC</controlfield>
  <controlfield tag="005">20130612080736.0</controlfield>
  <controlfield tag="008">130612n| azannaabn          |n aaa      </controlfield>
  <datafield tag="010" ind1=" " ind2=" ">
    <subfield code="a">n 2013033393</subfield>
  </datafield>
  <datafield tag="040" ind1=" " ind2=" ">
    <subfield code="a">DLC</subfield>
    <subfield code="b">eng</subfield>
    <subfield code="c">DLC</subfield>
    <subfield code="e">rda</subfield>
  </datafield>
  <datafield tag="046" ind1=" " ind2=" ">
    <subfield code="f">19510820</subfield>
  </datafield>
  <datafield tag="100" ind1="1" ind2=" ">
    <subfield code="a">Getchell, Kevin,</subfield>
    <subfield code="d">1951-</subfield>
  </datafield>
  <datafield tag="670" ind1=" " ind2=" ">
    <subfield code="a">Scapegoat of Shiloh, 2013:</subfield>
    <subfield code="b">ECIP t.p. (Kevin Getchell) dataview (born August 20, 1951; live in Rio Rancho, N.M.)</subfield>
  </datafield>
</record>